<?xml version="1.0" encoding="UTF-8" ?>
<collection xmlns:xsi="http://www.w3.org/2001/XMLSchema-instance"
    xsi:schemaLocation="http://www.loc.gov/MARC21/slim
        http://www.loc.gov/standards/marcxml/schema/MARC21slim.xsd"
    xmlns="http://www.loc.gov/MARC21/slim">
<record>
  <leader>00207cam a2200373 i 4500</leader>
  <controlfield tag="001">b1249771x</controlfield>
  <controlfield tag="003">LeBAU</controlfield>
  <controlfield tag="005">20171207</controlfield>
  <controlfield tag="008">970701s1953    ua af    b    ||0 | ara d</controlfield>
  <datafield tag="035" ind1=" " ind2=" ">
    <subfield code="a">ocn784360505</subfield>
  </datafield>
  <datafield tag="040" ind1=" " ind2=" ">
    <subfield code="a">LEAUB</subfield>
    <subfield code="b">ara</subfield>
    <subfield code="e">rda</subfield>
    <subfield code="c">LEAUB</subfield>
    <subfield code="d">LEAUB</subfield>
  </datafield>
  <datafield tag="082" ind1="0" ind2="4">
    <subfield code="a">701</subfield>
    <subfield code="2">22</subfield>
  </datafield>
  <datafield tag="100" ind1="1" ind2=" ">
    <subfield code="6">880-01</subfield>
    <subfield code="a">Khādim, Saʻd,</subfield>
    <subfield code="d">1913-1986,</subfield>
    <subfield code="e">author.</subfield>
  </datafield>
  <datafield tag="245" ind1="1" ind2="0">
    <subfield code="6">880-02</subfield>
    <subfield code="a">al-Fann wa al-tarbiyah al-ijtimā‘iyah /</subfield>
    <subfield code="c">taʼlīf Sa‘d al-Khādim, al-mudarris bi-al-Ma‘had al-‘Ālī lil-Tarbiyah al-Fannīyah lil-Mu‘allimīn.</subfield>
  </datafield>
  <datafield tag="264" ind1=" " ind2="1">
    <subfield code="6">880-03</subfield>
    <subfield code="a">Miṣr :</subfield>
    <subfield code="b">Dār al-Ma‘ārif,</subfield>
    <subfield code="c">1953.</subfield>
  </datafield>
  <datafield tag="300" ind1=" " ind2=" ">
    <subfield code="6">880-04</subfield>
    <subfield code="a">112 pages, 20 pages of plates :</subfield>
    <subfield code="b">illustrations ;</subfield>
    <subfield code="c">20 cm</subfield>
  </datafield>
  <datafield tag="336" ind1=" " ind2=" ">
    <subfield code="a">text</subfield>
    <subfield code="b">txt</subfield>
    <subfield code="2">rdacontent</subfield>
  </datafield>
  <datafield tag="336" ind1=" " ind2=" ">
    <subfield code="a">still image</subfield>
    <subfield code="b">sti</subfield>
    <subfield code="2">rdacontent</subfield>
  </datafield>
  <datafield tag="337" ind1=" " ind2=" ">
    <subfield code="a">unmediated</subfield>
    <subfield code="b">n</subfield>
    <subfield code="2">rdamedia</subfield>
  </datafield>
  <datafield tag="338" ind1=" " ind2=" ">
    <subfield code="a">volume</subfield>
    <subfield code="b">nc</subfield>
    <subfield code="2">rdacarrier</subfield>
  </datafield>
  <datafield tag="504" ind1=" " ind2=" ">
    <subfield code="a">يتضمن مراجع ببليوغرافية (صفحات 108-112)</subfield>
  </datafield>
  <datafield tag="650" ind1=" " ind2="4">
    <subfield code="a">الفن في التربية.</subfield>
  </datafield>
  <datafield tag="650" ind1=" " ind2="4">
    <subfield code="a">الفن والمجتمع.</subfield>
  </datafield>
  <datafield tag="650" ind1=" " ind2="0">
    <subfield code="a">Art in education.</subfield>
  </datafield>
  <datafield tag="650" ind1=" " ind2="0">
    <subfield code="a">Art and society.</subfield>
  </datafield>
  <datafield tag="852" ind1=" " ind2=" ">
    <subfield code="a">Jafet Library</subfield>
    <subfield code="e">American University of Beirut, Bliss Street , Beirut, Lebanon.</subfield>
  </datafield>
  <datafield tag="880" ind1="1" ind2=" ">
    <subfield code="6">100-01/(3/r</subfield>
    <subfield code="a">الخادم، سعد،</subfield>
    <subfield code="d">1913-1986،</subfield>
    <subfield code="e">مؤلف. </subfield>
    <subfield code="4">aut.</subfield>
  </datafield>
  <datafield tag="880" ind1="1" ind2="3">
    <subfield code="6">245-02/(3/r</subfield>
    <subfield code="a">الفن والتربية الإجتماعية /</subfield>
    <subfield code="c">تأليف سعد الخادم، المدرس بالمعهد العالي للتربية الفنية للمعلمين.</subfield>
  </datafield>
  <datafield tag="880" ind1=" " ind2="1">
    <subfield code="6">264-03/(3/r</subfield>
    <subfield code="a">مصر :</subfield>
    <subfield code="b">دار المعارف،</subfield>
    <subfield code="c">1953.</subfield>
  </datafield>
  <datafield tag="880" ind1=" " ind2=" ">
    <subfield code="6">300-04/(3/r</subfield>
    <subfield code="a">112 صفحة، 20 صفحة لوحات :</subfield>
    <subfield code="b">مصورات ؛</subfield>
    <subfield code="c">20 سم</subfield>
  </datafield>
  <datafield tag="907" ind1=" " ind2=" ">
    <subfield code="a">.b1249771x</subfield>
    <subfield code="b">17-12-15</subfield>
    <subfield code="c">11-05-24</subfield>
  </datafield>
  <datafield tag="907" ind1=" " ind2=" ">
    <subfield code="a">.b1249771x</subfield>
    <subfield code="b">15-10-15</subfield>
    <subfield code="c">11-05-24</subfield>
  </datafield>
  <datafield tag="945" ind1=" " ind2=" ">
    <subfield code="f">J</subfield>
    <subfield code="a">701:K45fA:c.1</subfield>
    <subfield code="i">01028610</subfield>
    <subfield code="j">.i12992392</subfield>
    <subfield code="l">u0503</subfield>
  </datafield>
  <datafield tag="998" ind1=" " ind2=" ">
    <subfield code="a">u05</subfield>
    <subfield code="b">97-07-01</subfield>
    <subfield code="c">m</subfield>
    <subfield code="d">a</subfield>
    <subfield code="e">-</subfield>
    <subfield code="f">ara</subfield>
    <subfield code="g">ua </subfield>
    <subfield code="h">0</subfield>
    <subfield code="i">1</subfield>
  </datafield>
</record>
</collection>
